% chapter 1 

@misc{NvmPerformanceArticle,
    title = "Article about {NVM} performance",
    howpublished = "\url{https://arxiv.org/pdf/1708.02199.pdf}",
    key = "NvmPerformanceArticle"
}

% chapter 2, Theory

@misc{PmemIo,
    title = "{PMDK} main site",
    howpublished = "\url{http://pmem.io/}",
    key = "PmemIo"
}

@misc{PmemAccess,
    title = "Video about access to {Persistent Memory}",
    howpublished = "\url{https://software.intel.com/en-us/videos/the-nvm-programming-model-persistent-memory-programming-series}",
    key = "Video about access to Persistent Memory"
}

@misc{PmemEmulation,
    title = "Article about {Persistent Memory} emulation",
    howpublished = "\url{https://software.intel.com/en-us/articles/how-to-emulate-persistent-memory-on-an-intel-architecture-server}",
    key = "Article about Persistent Memory Emulation"
}

@misc{AmazonDynamo,
    title = "Article about {Amazon Dynamo}",
    howpublished = "\url{https://www.allthingsdistributed.com/files/amazon-dynamo-sosp2007.pdf}",
    key = "Article about Amazon Dynamo"
}

@misc{ConsistentHashing,
    title = "Article about {Consistent Hashing}",
    howpublished = "\url{https://www.toptal.com/big-data/consistent-hashing}",
    key = "Article about Consistent Hashing"
}

@misc{AmazonS3,
    title = "{Amazon Simple Storage Service}",
    howpublished = "\url{https://aws.amazon.com/s3/}",
    key = "AS3"
}

@misc{Seastar,
    title = "Seastar framework",
    howpublished = "\url{https://github.com/scylladb/seastar/blob/master/doc/tutorial.md}",
    key = "Seastar"
}

@misc{ScyllaDB,
    title = "{ScyllaDB}",
    howpublished = "\url{https://www.scylladb.com/product/benchmarks/}",
    key = "ScyllaDB"
}

@misc{Cassandra,
    title = "Apache {Cassandra}",
    howpublished = "\url{http://cassandra.apache.org/}",
    key = "Apache Cassandra"
}

@misc{Asio,
    title = "Boost {Asio}",
    howpublished = "\url{https://www.boost.org/doc/libs/1_66_0/doc/html/boost_asio.html}",
    key = "Boost Asio"
}

@misc{Hugepages,
    title = "Hugepages",
    howpublished = "\url{https://wiki.debian.org/Hugepages}",
    key = "Hugepages"
}



% chapter 3, NVM-enabled hash table

@misc{Hashing,
  author = "John Lamping, Eric Veach",
  title = "A Fast, Minimal Memory, Consistent Hash Algorithm",
  howpublished = "[on-line] \url{https://arxiv.org/pdf/1406.2294.pdf?fbclid=IwAR2HgDCSMshjzx32HwzelR-ZTRxYJ6jbO6OGjTtlR05duZI_0RSeve6cpok}",
  key = "A Fast, Minimal Memory"
}

@misc{StdHash,
    title = "Hash function from std namespace",
    howpublished = "\url{https://en.cppreference.com/w/cpp/utility/hash}",
    key="Hash function"
}

@misc{HashMapJava,
    title = "{HashMap} documentation in {Java7}",
    howpublished = "\url{https://docs.oracle.com/javase/7/docs/api/java/util/HashMap.html}",
    key = "HashMap Java Documentation"
} %todo breakline

@misc{ConcurrentHashMapJava,
    title = "{ConcurrentHashMap} documentation in {Java7}",
    howpublished = "\url{https://docs.oracle.com/javase/7/docs/api/java/util/concurrent/ConcurrentHashMap.html}",
    key = "Concurrent HM Java Documentation"
}

@misc{UniqueLock,
    title = "Unique\_lock documentation in {Cpp}",
    howpublished = "\url{https://en.cppreference.com/w/cpp/thread/unique_lock/lock}",
    key = "Unique Lock Cpp Documentation"
}

@misc{SharedLock,
    title = "Shared\_lock documentation in {Cpp}",
    howpublished = "\url{https://en.cppreference.com/w/cpp/thread/shared_lock}",
    key = "Shared Lock Cpp Documentation"
}

@misc{GoogleTest,
    title = "{GoogleTest} library",
    howpublished = "\url{https://github.com/google/googletest}",
    key = "GoogleTest Library"
}

@misc{Libpmemobj,
    title = "Libpmemobj library",
    howpublished = "\url{http://pmem.io/pmdk/libpmemobj/}",
    key = "Libpmemobj"
}


% 4rd chapter

@misc{Unordered,
    title = "Unordered\_map from std namespace",
    howpublished = "\url{https://en.cppreference.com/w/cpp/container/unordered_map}",
    key = "Unordered map"
}


@misc{Docker,
    title = "Docker",
    howpublished = "\url{https://www.docker.com/}",
    key = "Docker"
}

@misc{Epoll,
    title = "Epoll",
    howpublished = "\url{http://man7.org/linux/man-pages/man7/epoll.7.html}",
    key = "Epoll"
}

@article{Tho79,
 author = {Robert H. Thomas},
 title = {A majority consensus approach to concurrency control for multiple copy
databases},
 journal = {ACM Transactions on Database Systems},
 volume = {4},
 number = {2},
 month = jun,
 year = {1979},
 OPTissn = {0362-5915},
 pages = {180--209},
 OPTnumpages = {30},
 OPTurl = {http://doi.acm.org/10.1145/320071.320076},
 OPTdoi = {http://doi.acm.org/10.1145/320071.320076},
 OPTacmid = {320076},
 publisher = {ACM},
 address = {New York, NY, USA},
 OPTkeywords = {clock synchronization, computer networks, concurrency control,
distributed computation, distributed control, distributed databases,
multiprocess systems, update synchronization},
} 

@article{V09,
 author = {Vogels, Werner},
 title = {Eventually Consistent},
 longJournal = {Communications of the ACM},
 journal = {Communications of the ACM},
 @journal = {Commun. ACM},
 issue_date = {January 2009},
 volume = {52},
 number = {1},
 month = jan,
 year = {2009},
 issn = {0001-0782},
 @pages = {40--44},
 numpages = {5},
 @url = {http://doi.acm.org/10.1145/1435417.1435432},
 @doi = {10.1145/1435417.1435432},
 acmid = {1435432},
 publisher = {ACM},
 address = {New York, NY, USA},
}

@book{GR06a,
 author = {Guerraoui, Rachid and Rodrigues, Lu\'{\i}s},
 title = {Introduction to Reliable Distributed Programming},
 year = {2006},
 @isbn = {3540288457},
 publisher = {Springer-Verlag New York, Inc.},
 @address = {Secaucus, NJ, USA},
} 